 @online{OpteProject:Time,
  author = {Jack Linshi},
  title = {See What the Internet Actually Looks Like},
  year = 2015,
  howpublished = "\url{https://time.com/3952373/internet-opte-project/}",
  urldate = {2015-06-13}
}
